
@online {1,note = "scrum" ,howpublished ="https://www.scrum.org/resources/what-is-scrum" }

@online {3, note = "Visual Studio Code" ,howpublished = "https://www.visualstudio.com" }

@online {2, note = "ReactJS" ,howpublished = "https://reactjs.org" }



